@inproceedings{pradhan-et-al:2013:CLEF,
	author = {Pradhan, Sameer and Elhadad, Noemie and South, Brett R. and Martinez, David and Christensen, Lee and Vogel, Amy and Suominen, Hanna and Chapman, Wendy W. and Savova, Guergana},
	booktitle = {{CLEF 2013} Working Notes},
	title = {Task 1: {ShARe/CLEF} {eHealth} Evaluation Lab 2013},
	url = {http://ceur-ws.org/Vol-1179/CLEF2013wn-CLEFeHealth-PradhanEt2013.pdf},
	year = {2013}
}

@inproceedings{suominen-et-al:2013:CLEF,
	address = {Berlin, Heidelberg},
	author = {Suominen, Hanna and Salanter{\"a}, Sanna and Velupillai, Sumithra and Chapman, Wendy W. and Savova, Guergana and Elhadad, Noemie and Pradhan, Sameer and South, Brett R. and Mowery, Danielle L. and Jones, Gareth J. F. and Leveling, Johannes and Kelly, Liadh and Goeuriot, Lorraine and Martinez, David and Zuccon, Guido},
	booktitle = {Information Access Evaluation. Multilinguality, Multimodality, and Visualization},
	doi = {10.1007/978-3-642-40802-1_24},
	editor = {Forner, Pamela and M{\"u}ller, Henning and Paredes, Roberto and Rosso, Paolo and Stein, Benno},
	isbn = {978-3-642-40802-1},
	pages = {212--231},
	publisher = {Springer Berlin Heidelberg},
	title = {Overview of the {ShARe/CLEF} {eHealth} Evaluation Lab 2013},
	url = {https://link.springer.com/content/pdf/10.1007%2F978-3-642-40802-1_24.pdf},
	year = {2013}
}

@article{islamaj-dogan-et-al:2014,
	author = {{Islamaj Do{\u g}an}, Rezarta and Leaman, Robert and Lu, Zhiyong},
	doi = {10.1016/j.jbi.2013.12.006},
	issn = {1532-0464},
	journal = {Journal of Biomedical Informatics},
	pages = {1--10},
	title = {{NCBI} disease corpus: A resource for disease name recognition and concept normalization},
	url = {http://www.sciencedirect.com/science/article/pii/S1532046413001974},
	volume = {47},
	year = {2014}
}

@article{lihaodi-et-al:2017,
	author = {Li, Haodi and Chen, Qingcai and Tang, Buzhou and Wang, Xiaolong and Xu, Hua and Wang, Baohua and Huang, Dong},
	day = {03},
	doi = {10.1186/s12859-017-1805-7},
	issn = {1471-2105},
	journal = {BMC Bioinformatics},
	month = {Oct},
	number = {11},
	pages = {385},
	title = {{CNN}-based ranking for biomedical entity normalization},
	url = {https://doi.org/10.1186/s12859-017-1805-7},
	volume = {18},
	year = {2017}
}

@inproceedings{chiu-et-al:2016:BioNLP,
	author = {Chiu, Billy and Crichton, Gamal and Korhonen, Anna and Pyysalo, Sampo},
	booktitle = {Proceedings of the 15th Workshop on Biomedical Natural Language Processing},
	pages = {166--174},
	publisher = {Association for Computational Linguistics},
	title = {How to Train Good Word Embeddings for Biomedical {NLP}},
	url = {http://aclweb.org/anthology/W16-2922},
	year = {2016}
}

@article{porter:1980,
	author = {Porter, Martin F.},
	doi = {10.1108/eb046814},
	journal = {Program},
	number = {3},
	pages = {130--137},
	publisher = {MCB UP Ltd},
	title = {An algorithm for suffix stripping},
	url = {http://cpro-documents-management.googlecode.com/svn/trunk/2},
	volume = {14},
	year = {1980}
}

@article{guo-et-al:2018,
	author = {Guo, Yanming and Liu, Yu and Bakker, Erwin M. and Guo, Yuanhao and Lew, Michael S.},
	doi = {10.1007/s11042-017-5443-x},
	issn = {1573-7721},
	journal = {Multimedia Tools and Applications},
	month = {Apr},
	number = {8},
	pages = {10251--10271},
	title = {{CNN-RNN}: a large-scale hierarchical image classification framework},
	url = {https://doi.org/10.1007/s11042-017-5443-x},
	volume = {77},
	year = {2018}
}

