@MISC{QT,
  author = {Trolltech},
  title = {http://trolltech.com/products/qt/},
  year = {2008},
  owner = {binf007},
  timestamp = {2008.07.19},
  url = {http://trolltech.com/products/qt/}
}
